<?xml version='1.0' encoding='utf-8'?>
<record xmlns="http://www.loc.gov/MARC21/slim" xmlns:xsi="http://www.w3.org/2001/XMLSchema-instance">
  <leader>00000nfm^a2200265^a^4500</leader>
  <controlfield tag="001">003929736</controlfield>
  <controlfield tag="005">20100824165405.0</controlfield>
  <controlfield tag="007">aj|aanzn</controlfield>
  <controlfield tag="008">950926s1867^^^^miu^^^^^^^a^^^^^0^e^eng^d</controlfield>
  <datafield tag="034" ind1="1" ind2=" ">
    <subfield code="a">a</subfield>
    <subfield code="b">36000</subfield>
    <subfield code="d">W0833900</subfield>
    <subfield code="e">W00832400</subfield>
    <subfield code="f">N0442000</subfield>
    <subfield code="g">N0441300</subfield>
  </datafield>
  <datafield tag="035" ind1=" " ind2=" ">
    <subfield code="a">(OCoLC)35066976</subfield>
  </datafield>
  <datafield tag="040" ind1=" " ind2=" ">
    <subfield code="a">MiU-H</subfield>
    <subfield code="c">MiU-H</subfield>
    <subfield code="d">MiU-H</subfield>
  </datafield>
  <datafield tag="052" ind1=" " ind2=" ">
    <subfield code="a">4113</subfield>
    <subfield code="b">I6</subfield>
  </datafield>
  <datafield tag="245" ind1="0" ind2="0">
    <subfield code="a">[Map of part of Iosco County, Mich.].</subfield>
  </datafield>
  <datafield tag="255" ind1=" " ind2=" ">
    <subfield code="a">Scale [ca. 1:36,000]</subfield>
    <subfield code="c">(W83⁰39ʹ--W83⁰24ʹ/N44⁰20ʹ--N44⁰13ʹ).</subfield>
  </datafield>
  <datafield tag="260" ind1=" " ind2=" ">
    <subfield code="c">[ca. 1867].</subfield>
  </datafield>
  <datafield tag="300" ind1=" " ind2=" ">
    <subfield code="a">1 map :</subfield>
    <subfield code="b">ms. ;</subfield>
    <subfield code="c">36 x 54 cm.</subfield>
  </datafield>
  <datafield tag="500" ind1=" " ind2=" ">
    <subfield code="a">Cadastral map of area around Tawas Bay, showing land ownership.</subfield>
  </datafield>
  <datafield tag="651" ind1=" " ind2="0">
    <subfield code="a">Iosco County (Mich.)</subfield>
    <subfield code="x">Maps.</subfield>
  </datafield>
  <datafield tag="650" ind1=" " ind2="0">
    <subfield code="a">Real property</subfield>
    <subfield code="z">Michigan</subfield>
    <subfield code="z">Iosco County</subfield>
    <subfield code="x">Maps.</subfield>
  </datafield>
  <datafield tag="650" ind1=" " ind2="0">
    <subfield code="a">Landowners</subfield>
    <subfield code="z">Michigan</subfield>
    <subfield code="z">Iosco County</subfield>
    <subfield code="x">Maps.</subfield>
  </datafield>
  <datafield tag="700" ind1="3" ind2=" ">
    <subfield code="a">Whittemore family (Tawas City, Mich.)</subfield>
  </datafield>
  <datafield tag="773" ind1="0" ind2=" ">
    <subfield code="a">Whittemore family.</subfield>
    <subfield code="t">Whittemore family papers, 1817-1938.</subfield>
  </datafield>
  <datafield tag="852" ind1="8" ind2=" ">
    <subfield code="a">MiU-H</subfield>
    <subfield code="b">BENT</subfield>
    <subfield code="h">86261 Ac</subfield>
  </datafield>
  <datafield tag="998" ind1=" " ind2=" ">
    <subfield code="c">LAC</subfield>
  </datafield>
  <datafield tag="LKR" ind1=" " ind2=" ">
    <subfield code="a">UP</subfield>
    <subfield code="b">2741738</subfield>
    <subfield code="l">MIU01</subfield>
    <subfield code="r">773</subfield>
    <subfield code="m">[Map of part of Iosco County, Mich.]</subfield>
    <subfield code="n">Whittemore family papers</subfield>
  </datafield>
  <datafield tag="955" ind1=" " ind2=" ">
    <subfield code="b">BENT</subfield>
    <subfield code="p">B1677388</subfield>
  </datafield>
</record>
